@inproceedings{com-jian18,
  title={On efficiently detecting overlapping communities over distributed dynamic graphs},
  author={Jian, X. and Lian, X. and Chen, L.},
  booktitle={IEEE 34th International Conference on Data Engineering (ICDE)},
  pages={1328--1331},
  year={2018},
  organization={IEEE},
}

@article{com-zhuang19,
  title={DynaMo: Dynamic community detection by incrementally maximizing modularity},
  author={Zhuang, D. and Chang, J. and Li, M.},
  journal={IEEE Transactions on Knowledge and Data Engineering},
  volume={33},
  number={5},
  pages={1934--1945},
  year={2019},
  publisher={IEEE},
}

@inproceedings{com-chong13,
  title={An incremental batch technique for community detection},
  author={Chong, W. and Teow, L.},
  booktitle={Proceedings of the 16th International Conference on Information Fusion},
  pages={750--757},
  year={2013},
  organization={IEEE},
  publisher={IEEE},
  address={Istanbul, Turkey},
}

@article{com-cordeiro16,
  title={Dynamic community detection in evolving networks using locality modularity optimization},
  author={Cordeiro, M. and Sarmento, R. and Gama, J.},
  journal={Social Network Analysis and Mining},
  volume={6},
  number={1},
  pages={1--20},
  year={2016},
  publisher={Springer},
}

@inproceedings{com-nguyen11,
  title={Adaptive algorithms for detecting community structure in dynamic social networks},
  author={Nguyen, N. and Dinh, T. and Xuan, Y. and Thai, M.},
  booktitle={Proceedings IEEE INFOCOM},
  pages={2282--2290},
  year={2011},
  organization={IEEE},
}

@article{com-berahmand18,
  title={{LP-LPA: A link influence-based label propagation algorithm for discovering community structures in networks}},
  author={Berahmand, K. and Bouyer, A.},
  pages={1850062},
  year={2018},
  month={mar},
  day={10},
  urldate={2023-01-09},
  journal={International Journal of Modern Physics B},
  volume={32},
  number={06},
  issn={0217-9792},
}

@inproceedings{com-aktunc15,
  title={{A dynamic modularity based community detection algorithm for large-scale networks: DSLM}},
  author={Aktunc, R. and Toroslu, I. and Ozer, M. and Davulcu, H.},
  booktitle={Proceedings of the IEEE/ACM international conference on advances in social networks analysis and mining},
  pages={1177--1183},
  year={2015},
}

@article{com-nath19,
  title={{Detecting intrinsic communities in evolving networks}},
  author={Nath, K. and Roy, S.},
  pages={13},
  year={2019},
  month={Dec},
  urldate={2023-01-08},
  journal={Social network analysis and mining},
  volume={9},
  number={1},
  issn={1869-5450},
}

@article{com-sattari18,
  title={{A spreading activation-based label propagation algorithm for overlapping community detection in dynamic social networks}},
  author={Sattari, M. and Zamanifar, K.},
  pages={155-170},
  year={2018},
  month={Jan},
  urldate={2023-01-08},
  journal={Data \& knowledge engineering},
  volume={113},
  issn={0169023X},
}

@incollection{com-gorke10,
  booktitle={Experimental Algorithms},
  title={{Modularity-Driven Clustering of Dynamic Graphs}},
  author={Görke, R. and Maillard, P. and Staudt, C. and Wagner, D.},
  editor={Festa, P. and Hutchison, D. and Kanade, T. and Kittler, J. and Kleinberg, J. and Mattern, F. and Mitchell, J. and Naor, M. and Nierstrasz, O. and Rangan, C. and Steffen, B. and Sudan, M. and Terzopoulos, D. and Tygar, D. and Vardi, M. and Weikum, G.},
  series={Lecture Notes in Computer Science},
  pages={436-448},
  publisher={Springer Berlin Heidelberg},
  url={http://link.springer.com/10.1007/978-3-642-13193-6\_37},
  year={2010},
  urldate={2023-01-07},
  volume={6049},
  isbn={978-3-642-13192-9},
  issn={0302-9743},
  address={Berlin, Heidelberg},
}

@inproceedings{com-bergerwolf06,
  author={Berger-Wolf, T. and Saia, J.},
  title={{A Framework for Analysis of Dynamic Social Networks}},
  year={2006},
  isbn={1595933395},
  publisher={Association for Computing Machinery},
  address={New York, NY, USA},
  url={https://doi.org/10.1145/1150402.1150462},
  booktitle={Proceedings of the 12th ACM SIGKDD International Conference on Knowledge Discovery and Data Mining},
  pages={523–528},
  numpages={6},
  keywords={disease spread, algorithms, dynamic social networks},
  location={Philadelphia, PA, USA},
  series={KDD '06},
}

@article{com-palla07,
  title={{Quantifying social group evolution.}},
  author={Palla, G. and Barabási, A. and Vicsek, T.},
  pages={664-667},
  url={http://dx.doi.org/10.1038/nature05670},
  year={2007},
  month={apr},
  day={5},
  urldate={2023-01-07},
  journal={Nature},
  volume={446},
  number={7136},
  pmid={17410175},
}

@article{com-han17,
  title={{Community detection in dynamic networks via adaptive label propagation}},
  author={Han, J. and Li, W. and Zhao, L. and Su, Z. and Zou, Y. and Deng, W.},
  journal={PloS one},
  volume={12},
  number={11},
  pages={e0188655},
  year={2017},
  publisher={Public Library of Science San Francisco, CA USA},
}

@inproceedings{com-xie13,
  title={{LabelrankT: Incremental community detection in dynamic networks via label propagation}},
  author={Xie, J. and Chen, M. and Szymanski, B.},
  booktitle={Proceedings of the Workshop on Dynamic Networks Management and Mining},
  pages={25--32},
  year={2013},
  address={New York, USA},
  publisher={ACM},
}

@article{com-xing14,
  title={{A node influence based label propagation algorithm for community detection in networks}},
  author={Xing, Y. and Meng, F. and Zhou, Y. and Zhu, M. and Shi, M. and Sun, G.},
  journal={The Scientific World Journal},
  volume={2014},
  year={2014},
  publisher={Hindawi},
  pages={1--14},
}

@article{com-you20,
  title={{A three-stage algorithm on community detection in social networks}},
  author={You, X. and Ma, Y. and Liu, Z.},
  journal={Knowledge-Based Systems},
  volume={187},
  pages={104822},
  year={2020},
  publisher={Elsevier},
}

@article{com-kim15,
  title={{Community detection in multi-layer graphs: A survey}},
  author={Kim, J. and Lee, J.},
  journal={ACM SIGMOD Record},
  volume={44},
  number={3},
  pages={37--48},
  year={2015},
  publisher={ACM New York, NY, USA},
}

@article{com-gulbahce08,
  title={{The art of community detection}},
  author={Gulbahce, N. and Lehmann, S.},
  journal={BioEssays},
  volume={30},
  number={10},
  pages={934--938},
  year={2008},
  publisher={Wiley Online Library},
}

@article{com-javed18,
  title={{Community detection in networks: A multidisciplinary review}},
  author={Javed, M. and Younis, M. and Latif, S. and Qadir, J. and Baig, A.},
  pages={87-111},
  url={http://linkinghub.elsevier.com/retrieve/pii/S1084804518300560},
  year={2018},
  month={apr},
  urldate={2023-01-07},
  journal={Journal of Network and Computer Applications},
  volume={108},
  issn={10848045},
}

@article{com-traag11,
  title={{Narrow scope for resolution-limit-free community detection}},
  author={Traag, V. and Dooren, P. and Nesterov, Y.},
  journal={Physical Review E},
  volume={84},
  number={1},
  pages={016114},
  year={2011},
  publisher={APS},
}

@article{com-girvan02,
  title={{Community structure in social and biological networks}},
  author={Girvan, M. and Newman, M.},
  journal={Proceedings of the national academy of sciences},
  volume={99},
  number={12},
  pages={7821--7826},
  year={2002},
  publisher={National Acad Sciences},
}

@inproceedings{com-zakrzewska15,
  title={{A dynamic algorithm for local community detection in graphs}},
  author={Zakrzewska, A. and Bader, D.},
  booktitle={IEEE/ACM International Conference on Advances in Social Networks Analysis and Mining (ASONAM)},
  pages={559--564},
  year={2015},
  organization={IEEE},
}

@inproceedings{com-whang13,
  title={{Overlapping community detection using seed set expansion}},
  author={Whang, J. and Gleich, D. and Dhillon, I.},
  booktitle={Proceedings of the 22nd ACM international conference on Information \& Knowledge Management},
  pages={2099--2108},
  year={2013},
}

@inproceedings{com-xie11,
  title={{SLPA: Uncovering overlapping communities in social networks via a speaker-listener interaction dynamic process}},
  author={Xie, J. and Szymanski, B. and Liu, X.},
  booktitle={IEEE 11th International Conference on Data Mining Workshops},
  pages={344--349},
  year={2011},
  organization={IEEE},
  publisher={IEEE},
  address={Vancouver, Canada},
}

@inproceedings{com-kloster14,
  title={{Heat kernel based community detection}},
  author={Kloster, K. and Gleich, D.},
  booktitle={Proceedings of the 20th ACM SIGKDD international conference on Knowledge discovery and data mining},
  pages={1386--1395},
  year={2014},
  publisher={ACM},
  address={New York, USA},
}

@article{com-rosvall08,
  title={{Maps of random walks on complex networks reveal community structure}},
  author={Rosvall, M. and Bergstrom, C.},
  journal={Proceedings of the national academy of sciences},
  volume={105},
  number={4},
  pages={1118--1123},
  year={2008},
  publisher={National Acad Sciences},
}

@article{com-gupta22,
  title={{A review of clique-based overlapping community detection algorithms}},
  author={Gupta, S. and Singh, D. and Choudhary, J.},
  journal={Knowledge and Information Systems},
  pages={2023–-2058},
  year={2022},
  volume={64},
  number={8},
  publisher={Springer},
}

@article{com-derenyi05,
  title={{Clique percolation in random networks}},
  author={Der{\'e}nyi, I. and Palla, G. and Vicsek, T.},
  journal={Physical review letters},
  volume={94},
  number={16},
  pages={160202},
  year={2005},
  publisher={APS},
}

@inproceedings{com-maity14,
  title={{Extended Clique percolation method to detect overlapping community structure}},
  author={Maity, S. and Rath, S.},
  booktitle={International Conference on Advances in Computing, Communications and Informatics (ICACCI)},
  pages={31--37},
  year={2014},
  organization={IEEE},
  publisher={IEEE},
  address={Delhi, India},
}

@article{com-newman16,
  title={{Estimating the number of communities in a network}},
  author={Newman, M. and Reinert, G.},
  journal={Physical review letters},
  volume={117},
  number={7},
  pages={078301},
  year={2016},
  publisher={APS},
}

@article{com-come15,
  title={{Model selection and clustering in stochastic block models based on the exact integrated complete data likelihood}},
  author={Côme, E. and Latouche, P.},
  issn={1471-082X},
  issue={6},
  journal={Statistical Modelling},
  month={3},
  note={doi: 10.1177/1471082X15577017},
  pages={564-589},
  publisher={SAGE Publications India},
  volume={15},
  url={https://doi.org/10.1177/1471082X15577017},
  year={2015},
}


@article{com-fortunato10,
  title={{Community detection in graphs}},
  author={Fortunato, S.},
  journal={Physics reports},
  volume={486},
  number={3-5},
  pages={75--174},
  year={2010},
  publisher={Elsevier},
}

@article{com-newman06,
  title={{Finding community structure in networks using the eigenvectors of matrices}},
  author={Newman, M.},
  journal={Physical review E},
  volume={74},
  number={3},
  pages={036104},
  year={2006},
  publisher={APS},
}

@article{com-reichardt06,
  title={{Statistical mechanics of community detection}},
  author={Reichardt, J. and Bornholdt, S.},
  journal={Physical review E},
  volume={74},
  number={1},
  pages={016110},
  year={2006},
  publisher={APS},
}

@article{com-guimera05,
  title={{Functional cartography of complex metabolic networks}},
  author={Guimera, R. and Amaral, L.},
  journal={nature},
  volume={433},
  number={7028},
  pages={895--900},
  year={2005},
  publisher={Nature Publishing Group},
}

@article{com-brandes07,
  title={{On modularity clustering}},
  author={Brandes, U. and Delling, D. and Gaertler, M. and Gorke, R. and Hoefer, M. and Nikoloski, Z. and Wagner, D.},
  journal={IEEE transactions on knowledge and data engineering},
  volume={20},
  number={2},
  pages={172--188},
  year={2007},
  publisher={IEEE},
}

@inproceedings{com-shi09,
  title={{A new genetic algorithm for community detection}},
  author={Shi, C. and Wang, Y. and Wu, B. and Zhong, C.},
  booktitle={International conference on complex sciences},
  pages={1298--1309},
  year={2009},
  organization={Springer},
}

@book{com-karatas18,
  title={{Application Areas of Community Detection: A Review}},
  author={Karataş, A. and Şahin, S.},
  month={12},
  pages={65-70},
  year={2018},
}

@inproceedings{com-yin16,
  title={Node-grained incremental community detection for streaming networks},
  author={Yin, S. and Chen, S. and Feng, Z. and Huang, K. and He, D. and Zhao, P. and Yang, M.},
  booktitle={IEEE 28th International Conference on Tools with Artificial Intelligence (ICTAI)},
  pages={585--592},
  year={2016},
  organization={IEEE},
}

@misc{com-shang14,
  title={{A real-time detecting algorithm for tracking community structure of dynamic networks}},
  author={Shang, J. and Liu, L. and Xie, F. and Chen, Z. and Miao, J. and Fang, X. and Wu, C.},
  journal={arXiv preprint arXiv:.},
  year={2014},
}

@inproceedings{com-li17,
  title={A dynamic community detection algorithm based on parallel incremental related vertices},
  author={Li, G. and Guo, K. and Chen, Y. and Wu, L. and Zhu, D.},
  booktitle={IEEE 2nd International Conference on Big Data Analysis (ICBDA)},
  pages={779--783},
  year={2017},
  organization={IEEE},
  publisher={IEEE},
  address={Beijing, China},
}

@inproceedings{com-liu14,
  title={{Community Detection Based on Graph Dynamical Systems with Asynchronous Runs}},
  author={Liu, J. and Wei, Z.},
  isbn={2379-1896},
  journal={Second International Symposium on Computing and Networking},
  pages={463-469},
  year={2014},
}

@article{com-gregory10,
  title={{Finding overlapping communities in networks by label propagation}},
  author={Gregory, S.},
  issue={10},
  journal={New Journal of Physics},
  month={10},
  pages={103018},
  volume={12},
  year={2010},
}

@book{com-scott92,
  title={Network analysis: A handbook},
  author={Scott, J.},
  year={1992},
  publisher={Sage Publications},
}

@article{com-benncir21,
  title={{Disjoint and Non-Disjoint Community Detection with Control of Overlaps Between Communities}},
  author={NCir, C. and Maiza, I. and Bouaguel, W. and Essoussi, N.},
  issn={2661-8907},
  issue={1},
  journal={SN Computer Science},
  pages={15},
  volume={2},
  url={https://doi.org/10.1007/s42979-020-00391-w},
  year={2021},
}

@article{com-zarayeneh21,
  title={{Delta-Screening: A Fast and Efficient Technique to Update Communities in Dynamic Graphs}},
  author={Zarayeneh, N. and Kalyanaraman, A.},
  journal={IEEE transactions on network science and engineering},
  volume={8},
  number={2},
  year={2021},
  month={Apr},
  pages={1614--1629},
}

@inproceedings{com-naim17,
  title={{Community detection on the GPU}},
  author={Naim, M. and Manne, F. and Halappanavar, M. and Tumeo, A.},
  booktitle={IEEE International Parallel and Distributed Processing Symposium (IPDPS)},
  isbn={978-1-5386-3914-6},
  publisher={IEEE},
  year={2017},
  month={May},
  pages={625--634},
  address={Orlando, Florida, USA},
}

@article{com-traag19,
  title={{From Louvain to Leiden: guaranteeing well-connected communities.}},
  author={Traag, V. and Waltman, L. and Eck, N.},
  journal={Scientific Reports},
  volume={9},
  number={1},
  year={2019},
  month={Mar},
  pages={5233},
}

@article{com-lu15,
  title={{Parallel heuristics for scalable community detection}},
  author={Lu, H. and Halappanavar, M. and Kalyanaraman, A.},
  journal={Parallel computing},
  volume={47},
  year={2015},
  month={Aug},
  pages={19--37},
}

@inproceedings{com-jain17,
  title={{DCEIL: Distributed Community Detection with the CEIL Score}},
  author={Jain, A. and Nasre, R. and Ravindran, B.},
  booktitle={IEEE 19th International Conference on High Performance Computing and Communications; IEEE 15th International Conference on Smart City; IEEE 3rd International Conference on Data Science and Systems (HPCC/SmartCity/DSS)},
  isbn={978-1-5386-2588-0},
  publisher={IEEE},
  year={2017},
  month={Dec},
  pages={146--153},
  address={Bangkok, Thailand},
}

@article{com-chopade17,
  title={{A Framework for Community Detection in Large Networks Using Game-Theoretic Modeling}},
  author={Chopade, P. and Zhan, J.},
  journal={IEEE Transactions on Big Data},
  volume={3},
  number={3},
  year={2017},
  month={Sep},
  pages={276--288},
}

@inproceedings{com-ghoshal19,
  title={{A fast parallel genetic algorithm based approach for community detection in large networks}},
  author={Ghoshal, A. and Das, N. and Bhattacharjee, S. and Chakraborty, G.},
  booktitle={11th International Conference on Communication Systems \& Networks (COMSNETS)},
  isbn={978-1-5386-7902-9},
  publisher={IEEE},
  year={2019},
  month={Jan},
  pages={95--101},
  address={Bangalore, India},
}

@inproceedings{com-sattar20,
  title={{Community Detection using Semi-supervised Learning with Graph Convolutional Network on GPUs}},
  isbn={978-1-7281-6251-5},
  booktitle={IEEE International Conference on Big Data (Big Data)},
  publisher={IEEE},
  author={Sattar, N. and Arifuzzaman, S.},
  year={2020},
  month={Dec},
  pages={5237--5246},
}

@incollection{com-bansal11,
  title={Fast community detection for dynamic complex networks},
  author={Bansal, S. and Bhowmick, S. and Paymal, P.},
  booktitle={Complex networks},
  pages={196--207},
  year={2011},
  publisher={Springer},
}

@article{com-alayyoub19,
  title={{Improving fuzzy C-mean-based community detection in social networks using dynamic parallelism}},
  author={Al-Ayyoub, M. and Al-andoli, M. and Jararweh, Y. and Smadi, M. and Gupta, B.},
  journal={Computers \& Electrical Engineering},
  volume={74},
  year={2019},
  month={Mar},
  pages={533--546},
}

@inproceedings{com-ghoshal17,
  title={{On diameter based community structure identification in networks}},
  author={Ghoshal, A. and Das, N.},
  booktitle={Proceedings of the 18th International Conference on Distributed Computing and Networking - ICDCN ’17},
  address={New York, New York, USA},
  isbn={9781450348393},
  publisher={ACM Press},
  year={2017},
  month={Jan},
  pages={1--6},
}

@article{com-liu19,
  title={{A divide and agglomerate algorithm for community detection in social networks}},
  author={Liu, Z. and Ma, Y.},
  journal={Information sciences},
  volume={482},
  year={2019},
  month={May},
  pages={321--333},
}

@inbook{com-ruan15,
  title={{Community discovery: simple and scalable approaches}},
  author={Ruan, Y. and Fuhry, D. and Liang, J. and Wang, Y. and Parthasarathy, S.},
  booktitle={User Community Discovery},
  series={Human--Computer Interaction Series},
  collection={Human--Computer Interaction Series},
  publisher={Springer International Publishing},
  isbn={978-3-319-23834-0},
  address={Cham},
  year={2015},
  pages={23--54},
}

@article{com-taufan20,
  title={{Determining Community Structure and Modularity in Social Network using Genetic Algorithm}},
  author={Aditama, T. and Sn, A.},
  journal={Indonesian Journal of Computing and Cybernetics Systems},
  volume={14},
  year={2020},
  pages={219--230},
}

@article{com-lu20,
  title={{Improving Efficiency of Graph Clustering by Genetic Algorithm Using Multi-Objective Optimization}},
  author={Lu, Y. and Chakraborty, G.},
  journal={International Journal of Applied Science and Engineering},
  volume={17},
  number={2},
  year={2020},
  month={Jun},
  pages={157--173},
}

@inproceedings{com-kozawa17,
  title={{GPU-Accelerated Graph Clustering via Parallel Label Propagation}},
  author={Kozawa, Y. and Amagasa, T. and Kitagawa, H.},
  booktitle={Proceedings of the ACM on Conference on Information and Knowledge Management - CIKM ’17},
  address={New York, New York, USA},
  isbn={9781450349185},
  publisher={ACM Press},
  year={2017},
  month={Nov},
  pages={567--576},
}

@inproceedings{com-liu20,
  title={{Direction-optimizing label propagation and its application to community detection}},
  author={Liu, X. and Halappanavar, M. and Barker, K. and Lumsdaine, A. and Gebremedhin, A.},
  booktitle={Proceedings of the 17th ACM International Conference on Computing Frontiers},
  isbn={9781450379564},
  address={New York, NY, USA},
  publisher={ACM},
  year={2020},
  month={May},
  pages={192--201},
}

@misc{wiki-labelprop,
  title={{Label propagation algorithm}},
  url={https://en.wikipedia.org/wiki/Label_propagation_algorithm},
  journal={Wikipedia},
}

@misc{wiki-dynamicprob,
  title={{Dynamic problem (algorithms)}},
  url={https://en.wikipedia.org/wiki/Dynamic_problem_(algorithms)},
  journal={Wikipedia},
}

@article{com-raghavan07,
  title={{Near linear time algorithm to detect community structures in large-scale networks}},
  author={Raghavan, U. and Albert, R. and Kumara, S.},
  journal={Physical Review E},
  volume={76},
  number={3},
  year={2007},
  month={Sep},
  pages={036106-1--036106-11},
}

@article{com-newman04,
  title={{Detecting community structure in networks}},
  author={Newman, M.},
  journal={The European Physical Journal B - Condensed Matter},
  volume={38},
  number={2},
  year={2004},
  month={Mar},
  pages={321--330},
}

@misc{com-rita20,
  title={{Infomap Algorithm. An algorithm for community finding}},
  url={https://towardsdatascience.com/infomap-algorithm-9b68b7e8b86},
  journal={Towards Data Science},
  author={Rita, L.},
  year={2020},
  month={Apr},
}

@article{infomap-rosvall09,
  title={{The map equation}},
  author={Rosvall, M. and Axelsson, D. and Bergstrom, C.},
  journal={The European Physical Journal Special Topics},
  volume={178},
  number={1},
  year={2009},
  month={Nov},
  pages={13--23},
}

@inproceedings{com-zeng18,
  title={{A Distributed Infomap Algorithm for Scalable and High-Quality Community Detection}},
  author={Zeng, J. and Yu, H.},
  booktitle={Proceedings of the 47th International Conference on Parallel Processing - ICPP},
  address={New York, New York, USA},
  isbn={9781450365109},
  publisher={ACM Press},
  year={2018},
  month={Aug},
  pages={1--11},
}

@inproceedings{com-faysal19,
  title={{Distributed Community Detection in Large Networks using An Information-Theoretic Approach}},
  author={Faysal, M. and Arifuzzaman, S.},
  booktitle={IEEE International Conference on Big Data (Big Data)},
  isbn={978-1-7281-0858-2},
  publisher={IEEE},
  year={2019},
  month={Dec},
  pages={4773--4782},
  address={Los Angeles, CA, USA},
}

@inproceedings{com-zeng19,
  title={{Effectively Unified optimization for Large-scale Graph Community Detection}},
  author={Zeng, J. and Yu, H.},
  booktitle={IEEE International Conference on Big Data (Big Data)},
  isbn={978-1-7281-0858-2},
  publisher={IEEE},
  year={2019},
  month={Dec},
  pages={475--482},
  address={Los Angeles, CA, USA},
}

@article{com-samie17,
  title={{Change-aware community detection approach for dynamic social networks}},
  author={Samie, M. and Hamzeh, A.},
  journal={Applied Intelligence},
  volume={48},
  number={1},
  year={2017},
  month={Jun},
  pages={1--19},
}

@misc{com-zeitz17,
  title={{Engineering Distributed GraphClustering using MapReduce}},
  url={https://i11www.iti.kit.edu/_media/teaching/theses/ma-zeitz-17.pdf},
  journal={Karlsruhe Institute of Technology},
  author={Zeitz, T.},
  year={2017},
  month={May},
}

@inproceedings{com-ryu16,
  title={{Quick community detection of big graph data using modified louvain algorithm}},
  author={Ryu, S. and Kim, D.},
  booktitle={IEEE 18th International Conference on High Performance Computing and Communications (HPCC)},
  isbn={978-1-5090-4297-5},
  publisher={IEEE},
  year={2016},
  month={Dec},
  pages={1442--1445},
  address={Sydney, NSW},
}

@inproceedings{com-zeng15,
  title={{Parallel Modularity-Based Community Detection on Large-Scale Graphs}},
  author={Zeng, J. and Yu, H.},
  booktitle={IEEE International Conference on Cluster Computing},
  isbn={978-1-4673-6598-7},
  publisher={IEEE},
  year={2015},
  month={Sep},
  pages={1--10},
}

@article{com-drakopoulos18,
  title={{Graph communities in Neo4j}},
  author={Drakopoulos, G. and Gourgaris, P. and Kanavos, A.},
  journal={Evolving Systems},
  year={2018},
  month={Jun},
  pages={1--11},
}

@inproceedings{com-halappanavar17,
  title={{Scalable static and dynamic community detection using Grappolo}},
  author={Halappanavar, M. and Lu, H. and Kalyanaraman, A. and Tumeo, A.},
  booktitle={IEEE High Performance Extreme Computing Conference (HPEC)},
  isbn={978-1-5386-3472-1},
  publisher={IEEE},
  year={2017},
  month={Sep},
  pages={1--6},
  address={Waltham, MA USA},
}

@inproceedings{com-bhowmik19,
  title={{HyDetect: A Hybrid CPU-GPU Algorithm for Community Detection}},
  author={Bhowmik, A. and Vadhiyar, S.},
  booktitle={IEEE 26th International Conference on High Performance Computing, Data, and Analytics (HiPC)},
  isbn={978-1-7281-4535-8},
  publisher={IEEE},
  year={2019},
  month={Dec},
  pages={2--11},
  address={Goa, India},
}

@article{com-souravlas20,
  title={{Hybrid CPU-GPU Community Detection in Weighted Networks}},
  author={Souravlas, S. and Sifaleras, A. and Katsavounis, S.},
  journal={IEEE access: practical innovations, open solutions},
  volume={8},
  year={2020},
  pages={57527--57551},
}

@misc{com-fontolan20,
  title={{Modularity Based Community Detection on the GPU}},
  url={http://dspace.unive.it/handle/10579/17433},
  journal={Università Ca’ Foscari Venezia},
  author={Fontolan, F.},
  year={2020},
  month={Jul},
}

@article{com-mohammadi20,
  title={{Accelerating Louvain community detection algorithm on graphic processing unit}},
  author={Mohammadi, M. and Fazlali, M. and Hosseinzadeh, M.},
  journal={The Journal of supercomputing},
  year={2020},
  month={Nov},
}

@inproceedings{com-cheong13,
  title={{Hierarchical Parallel Algorithm for Modularity-Based Community Detection Using GPUs}},
  author={Cheong, C. and Huynh, H. and Lo, D. and Goh, R.},
  booktitle={Proceedings of the 19th International Conference on Parallel Processing},
  keywords={community detection, social networks, parallel algorithm, GPU},
  year={2013},
  isbn={9783642400469},
  publisher={Springer-Verlag},
  address={Berlin, Heidelberg},
  pages={775--787},
  numpages={13},
  location={Aachen, Germany},
  series={Euro-Par'13},
}

@inproceedings{com-forster16,
  title={{Louvain community detection with parallel heuristics on GPUs}},
  booktitle={IEEE 20th Jubilee International Conference on Intelligent Engineering Systems (INES)},
  author={Forster, R.},
  isbn={978-1-5090-1216-9},
  publisher={IEEE},
  year={2016},
  month={Jun},
  pages={227--232},
  address={Budapest, Hungary},
}

@inproceedings{com-ghosh19,
  title={{Scaling and quality of modularity optimization methods for graph clustering}},
  author={Ghosh, S. and Halappanavar, M. and Tumeo, A. and Kalyanarainan, A.},
  booktitle={IEEE High Performance Extreme Computing Conference (HPEC)},
  isbn={978-1-7281-5020-8},
  publisher={IEEE},
  year={2019},
  month={Sep},
  pages={1--6},
}

@inproceedings{com-sattar19,
  title={Overcoming MPI Communication Overhead for Distributed Community Detection},
  author={Sattar, N. and Arifuzzaman, S.},
  editor={Majumdar, A. and Arora, R.},
  booktitle={Software Challenges to Exascale Computing},
  publisher={Springer Singapore},
  year={2019},
  address={Singapore},
  pages={77--90},
  isbn={978-981-13-7729-7},
}

@inbook{part-hossain21,
  title={{Impact of AVX-512 Instructions on Graph Partitioning Problems.}},
  author={Hossain, M. and Saule, E.},
  booktitle={50th International Conference on Parallel Processing Workshop},
  publisher={Association for Computing Machinery},
  isbn={9781450384414},
  place={New York, NY, USA},
  year={2021},
}

@inproceedings{com-gheibi20,
  title={{Cache Efficient Louvain with Local RCM}},
  author={Gheibi, S. and Banerjee, T. and Ranka, S. and Sahni, S.},
  booktitle={IEEE Symposium on Computers and Communications (ISCC)},
  isbn={978-1-7281-8086-1},
  publisher={IEEE},
  year={2020},
  month={Jul},
  pages={1--6},
}

@article{com-fazlali17,
  title={{Adaptive parallel Louvain community detection on a multicore platform}},
  author={Fazlali, M. and Moradi, E. and Malazi, H.},
  journal={Microprocessors and microsystems},
  volume={54},
  year={2017},
  month={Oct},
  pages={26--34},
}

@inbook{com-bhowmick13,
  title={A template for parallelizing the louvain method for modularity maximization},
  author={Bhowmick, S. and Srinivasan, S.},
  editor={Mukherjee, A. and Choudhury, M. and Peruani, F. and Ganguly, N. and Mitra, B.},
  series={Modeling and simulation in science, engineering and technology},
  collection={Modeling and simulation in science, engineering and technology},
  booktitle={Dynamics on and of complex networks, volume 2},
  isbn={978-1-4614-6728-1},
  publisher={Springer New York},
  place={New York, NY},
  year={2013},
  pages={111--124},
}

@misc{com-leskovec21,
  title={{CS224W: Machine Learning with Graphs | 2021 | Lecture 13.3 - Louvain Algorithm}},
  url={https://www.youtube.com/watch?v=0zuiLBOIcsw},
  author={Leskovec, J.},
  journal={YouTube},
  year={2021},
}

@misc{wiki-louvain,
  title={Louvain method},
  url={https://en.wikipedia.org/wiki/Louvain_method},
  author={Wikipedia},
  year={2023},
}

@article{com-lancichinetti09,
  title={Community detection algorithms: a comparative analysis.},
  author={Lancichinetti, A. and Fortunato, S.},
  journal={Physical Review. E, Statistical, Nonlinear, and Soft Matter Physics},
  volume={80},
  number={5 Pt 2},
  year={2009},
  month={Nov},
  pages={056117},
}

@article{com-blondel08,
  title={{Fast unfolding of communities in large networks}},
  author={Blondel, V. and Guillaume, J. and Lambiotte, R. and Lefebvre, E.},
  journal={Journal of Statistical Mechanics: Theory and Experiment},
  volume={2008},
  number={10},
  year={2008},
  month={Oct},
  pages={P10008},
}

@article{com-souravlas21,
  title={A classification of community detection methods in social networks: a survey},
  author={Souravlas, S. and Sifaleras, A. and Tsintogianni, M. and Katsavounis, S.},
  journal={International journal of general systems},
  volume={50},
  number={1},
  year={2021},
  month={Jan},
  pages={63--91},
}

@inproceedings{com-chatterjee19,
  title={Detection of communities in large scale networks},
  author={Chatterjee, B. and Saha, H.},
  booktitle={IEEE 10th Annual Information Technology, Electronics and Mobile Communication Conference (IEMCON)},
  isbn={978-1-7281-2530-5},
  publisher={IEEE},
  year={2019},
  month={Oct},
  pages={1051--1060},
}

@article{graph-sakr21,
  title={The future is big graphs},
  author={Sakr, S. and Bonifati, A. and Voigt, H. and Iosup, A. and Ammar, K. and Angles, R. and Aref, W. and Arenas, M. and Besta, M. and Boncz, P. and al., e.},
  journal={Communications of the ACM},
  volume={64},
  number={9},
  year={2021},
  month={Sep},
  pages={62--71},
}

@inproceedings{com-leskovec08,
  author={Leskovec, J. and Lang, K. and Dasgupta, A. and Mahoney, M.},
  title={{Statistical properties of community structure in large social and information networks}},
  booktitle={Proceedings of the 17th International Conference on World Wide Web, {WWW} , Beijing, China, April 21-25,},
  pages={695--704},
  publisher={{ACM}},
  year={2008},
}

@misc{com-shi21,
  title={Scalable community detection via parallel correlation clustering},
  author={Shi, J. and Dhulipala, L. and Eisenstat, D. and {\L}{\k{a}}cki, J. and Mirrokni, V.},
  journal={arXiv preprint arXiv:.1},
  year={2021},
}

@article{com-rotta11,
  title={Multilevel local search algorithms for modularity clustering},
  author={Rotta, R. and Noack, A.},
  journal={Journal of Experimental Algorithmics (JEA)},
  volume={16},
  pages={2--1},
  year={2011},
  publisher={ACM New York, NY, USA},
}

@article{com-waltman13,
  title={A smart local moving algorithm for large-scale modularity-based community detection},
  author={Waltman, L. and Eck, N.},
  journal={The European physical journal B},
  volume={86},
  number={11},
  pages={1--14},
  year={2013},
  publisher={Springer},
}

@article{com-aldabobi22,
  title={An improved Louvain algorithm based on Node importance for Community detection},
  author={Aldabobi, A. and Sharieh, A. and Jabri, R.},
  journal={Journal of Theoretical and Applied Information Technology},
  volume={100},
  number={23},
  year={2022},
  pages={1--14},
}

@inproceedings{com-wickramaarachchi14,
  title={Fast parallel algorithm for unfolding of communities in large graphs},
  author={Wickramaarachchi, C. and Frincu, M. and Small, P. and Prasanna, V.},
  booktitle={IEEE High Performance Extreme Computing Conference (HPEC)},
  pages={1--6},
  year={2014},
  organization={IEEE},
  publisher={IEEE},
  address={Waltham, MA USA},
}

@inproceedings{com-gach14,
  title={Improving the Louvain algorithm for community detection with modularity maximization},
  author={Gach, O. and Hao, J.},
  booktitle={Artificial Evolution: 11th International Conference, Evolution Artificielle, EA , Bordeaux, France, October 21-23, . Revised Selected Papers 11},
  pages={145--156},
  year={2014},
  organization={Springer},
  publisher={Springer},
  address={Bordeaux, France},
}

@inproceedings{com-que15,
  title={Scalable community detection with the louvain algorithm},
  author={Que, X. and Checconi, F. and Petrini, F. and Gunnels, J.},
  booktitle={IEEE International Parallel and Distributed Processing Symposium},
  pages={28--37},
  year={2015},
  organization={IEEE},
  publisher={IEEE},
  address={Hyderabad, India},
}

@article{com-traag15,
  title={Faster unfolding of communities: Speeding up the Louvain algorithm},
  author={Traag, V.},
  journal={Physical Review E},
  volume={92},
  number={3},
  pages={032801},
  year={2015},
  publisher={APS},
}

@article{com-ozaki16,
  title={A simple acceleration method for the Louvain algorithm},
  author={Ozaki, N. and Tezuka, H. and Inaba, M.},
  journal={International Journal of Computer and Electrical Engineering},
  volume={8},
  number={3},
  pages={207},
  year={2016},
  publisher={IACSIT Press},
}

@article{com-zhang21,
  title={An improved Louvain algorithm for community detection},
  author={Zhang, J. and Fei, J. and Song, X. and Feng, J.},
  journal={Mathematical Problems in Engineering},
  volume={2021},
  year={2021},
  publisher={Hindawi},
  pages={1--14},
}

@inproceedings{com-you22,
  title={Research on improvement of Louvain community detection algorithm},
  author={You, Y. and Ren, L. and Zhang, Z. and Zhang, K. and Huang, J.},
  booktitle={2nd International Conference on Artificial Intelligence, Automation, and High-Performance Computing (AIAHPC )},
  volume={12348},
  pages={527--531},
  year={2022},
  publisher={SPIE},
  address={Zhuhai, China},
}

@article{com-gawande22,
  title={Towards scaling community detection on distributed-memory heterogeneous systems},
  author={Gawande, N. and Ghosh, S. and Halappanavar, M. and Tumeo, A. and Kalyanaraman, A.},
  journal={Parallel Computing},
  volume={111},
  pages={102898},
  year={2022},
  publisher={Elsevier},
}

@inproceedings{com-ghosh18,
  title={Distributed louvain algorithm for graph community detection},
  author={Ghosh, S. and Halappanavar, M. and Tumeo, A. and Kalyanaraman, A. and Lu, H. and Chavarria-Miranda, D. and Khan, A. and Gebremedhin, A.},
  booktitle={IEEE International Parallel and Distributed Processing Symposium (IPDPS)},
  pages={885--895},
  year={2018},
  address={Vancouver, British Columbia, Canada},
}

@article{com-bhowmick22,
  title={Scalable multi-node multi-GPU Louvain community detection algorithm for heterogeneous architectures},
  author={Bhowmick, A. and Vadhiyar, S. and PV, V.},
  journal={Concurrency and Computation: Practice and Experience},
  pages={1--18},
  year={2022},
  publisher={Wiley Online Library},
  volume={34},
  number={17},
}

@inproceedings{com-held16,
  title={Dynamic clustering in social networks using louvain and infomap method},
  author={Held, P. and Krause, B. and Kruse, R.},
  booktitle={Third European Network Intelligence Conference (ENIC)},
  pages={61--68},
  year={2016},
  organization={IEEE},
  publisher={IEEE},
  address={Wroclaw, Poland},
}

@inproceedings{com-aynaud10,
  title={Static community detection algorithms for evolving networks},
  author={Aynaud, T. and Guillaume, J.},
  booktitle={8th International Symposium on Modeling and Optimization in Mobile, Ad Hoc, and Wireless Networks},
  pages={513--519},
  year={2010},
  organization={IEEE},
  publisher={IEEE},
  address={Avignon, France},
}

@inproceedings{com-meng16,
  title={A novel dynamic community detection algorithm based on modularity optimization},
  author={Meng, X. and Tong, Y. and Liu, X. and Zhao, S. and Yang, X. and Tan, S.},
  booktitle={7th IEEE international conference on software engineering and service science (ICSESS)},
  pages={72--75},
  year={2016},
  organization={IEEE},
  publisher={IEEE},
  address={Beijing,China},
}

@article{com-hu16,
  title={Role-based label propagation algorithm for community detection},
  author={Hu, Xuegang and He, Wei and Li, Huizong and Pan, Jianhan},
  journal={arXiv preprint arXiv:1601.06307},
  year={2016}
}

@article{com-jin21,
  title={A survey of community detection approaches: From statistical modeling to deep learning},
  author={Jin, Di and Yu, Zhizhi and Jiao, Pengfei and Pan, Shirui and He, Dongxiao and Wu, Jia and Yu, Philip and Zhang, Weixiong},
  journal={IEEE Transactions on Knowledge and Data Engineering},
  year={2021},
  publisher={IEEE}
}

@inproceedings{com-riedy13,
  title={Multithreaded community monitoring for massive streaming graph data},
  author={Riedy, J. and Bader, D.A.},
  booktitle={2013 IEEE International Symposium on Parallel \& Distributed Processing, Workshops and Phd Forum},
  pages={1646--1655},
  year={2013},
  organization={IEEE}
}

@inproceedings{ghosh2018scalable,
  title={Scalable distributed memory community detection using vite},
  author={Ghosh, S. and Halappanavar, M. and Tumeo, A. and Kalyanaraman, A. and Gebremedhin, A.H.},
  booktitle={2018 IEEE High Performance extreme Computing Conference (HPEC)},
  pages={1--7},
  year={2018},
  organization={IEEE}
}

@article{staudt2016networkit,
  title={NetworKit: A tool suite for large-scale complex network analysis},
  author={Staudt, C.L. and Sazonovs, A. and Meyerhenke, H.},
  journal={Network Science},
  volume={4},
  number={4},
  pages={508--530},
  year={2016},
  publisher={Cambridge University Press}
}

@article{csardi2006igraph,
  title={The igraph software package for complex network research},
  author={Csardi, G. and Nepusz, T. and others},
  journal={InterJournal, complex systems},
  volume={1695},
  number={5},
  pages={1--9},
  year={2006}
}

@article{traag2023large,
  title={Large network community detection by fast label propagation},
  author={Traag, V.A. and {\v{S}}ubelj, L.},
  journal={Scientific Reports},
  volume={13},
  number={1},
  pages={2701},
  year={2023},
  publisher={Nature Publishing Group UK London}
}

@article{sahu2023selecting,
  title={Selecting a suitable Parallel Label-propagation based algorithm for Disjoint Community Detection},
  author={Sahu, S.},
  journal={arXiv preprint arXiv:2301.09125},
  year={2023}
}

@article{sahu2023gvelouvain,
  title={GVE-Louvain: Fast Louvain Algorithm for Community Detection in Shared Memory Setting},
  author={Sahu, Subhajit},
  journal={arXiv preprint arXiv:2312.04876},
  year={2023}
}

@article{suite19,
  title={{The SuiteSparse matrix collection website interface}},
  author={Kolodziej, S. and Aznaveh, M. and Bullock, M. and David, J. and Davis, T. and Henderson, M. and Hu, Y. and Sandstrom, R.},
  journal={JOSS},
  volume={4},
  number={35},
  year={2019},
  month={Mar},
  pages={1244},
}

@misc{openmp18,
  title={{OpenMP} Application Program Interface Version 5.0},
  author={{OpenMP Architecture Review Board}},
  year={2018},
  url={https://www.openmp.org/wp-content/uploads/OpenMP-API-Specification-5.0.pdf},
}

@article{traag2023large,
  title={Large network community detection by fast label propagation},
  author={Traag, V.A. and {\v{S}}ubelj, L.},
  journal={Scientific Reports},
  volume={13},
  number={1},
  pages={2701},
  year={2023},
  publisher={Nature Publishing Group UK London}
}

@article{sahu2023selecting,
  title={Selecting a suitable Parallel Label-propagation based algorithm for Disjoint Community Detection},
  author={Sahu, S.},
  journal={arXiv preprint arXiv:2301.09125},
  year={2023}
}

@article{sattar2022scalable,
  title={Scalable distributed Louvain algorithm for community detection in large graphs},
  author={Sattar, Naw Safrin and Arifuzzaman, Shaikh},
  journal={The Journal of Supercomputing},
  volume={78},
  number={7},
  pages={10275--10309},
  year={2022},
  publisher={Springer}
}

@article{staudt2015engineering,
  title={Engineering parallel algorithms for community detection in massive networks},
  author={Staudt, Christian L and Meyerhenke, Henning},
  journal={IEEE Transactions on Parallel and Distributed Systems},
  volume={27},
  number={1},
  pages={171--184},
  year={2015},
  publisher={IEEE}
}

@article{qie2022isolate,
  title={Isolate sets partition benefits community detection of parallel Louvain method},
  author={Qie, Hang and Li, Shijie and Dou, Yong and Xu, Jinwei and Xiong, Yunsheng and Gao, Zikai},
  journal={Scientific Reports},
  volume={12},
  number={1},
  pages={8248},
  year={2022},
  publisher={Nature Publishing Group UK London}
}

@inproceedings{chou2022batched,
  title={Batched Graph Community Detection on GPUs},
  author={Chou, Han-Yi and Ghosh, Sayan},
  booktitle={Proceedings of the International Conference on Parallel Architectures and Compilation Techniques},
  pages={172--184},
  year={2022}
}

@inproceedings{hricik2020using,
  title={Using RAPIDS AI to accelerate graph data science workflows},
  author={Hricik, Todd and Bader, David and Green, Oded},
  booktitle={2020 IEEE High Performance Extreme Computing Conference (HPEC)},
  pages={1--4},
  year={2020},
  organization={IEEE}
}

@article{chi2009evolutionary,
  title={On evolutionary spectral clustering},
  author={Chi, Yun and Song, Xiaodan and Zhou, Dengyong and Hino, Koji and Tseng, Belle L},
  journal={ACM Transactions on Knowledge Discovery from Data (TKDD)},
  volume={3},
  number={4},
  pages={1--30},
  year={2009},
  publisher={ACM New York, NY, USA}
}

@inproceedings{aynaud2011multi,
  title={Multi-step community detection and hierarchical time segmentation in evolving networks},
  author={Aynaud, Thomas and Guillaume, Jean-Loup},
  booktitle={Proceedings of the 5th SNA-KDD workshop},
  volume={11},
  year={2011}
}

@inproceedings{xie2013labelrank,
  title={Labelrank: A stabilized label propagation algorithm for community detection in networks},
  author={Xie, Jierui and Szymanski, Boleslaw K},
  booktitle={2013 IEEE 2nd Network Science Workshop (NSW)},
  pages={138--143},
  year={2013},
  organization={IEEE}
}

@inproceedings{nguyen2011overlapping,
  title={Overlapping communities in dynamic networks: their detection and mobile applications},
  author={Nguyen, Nam P and Dinh, Thang N and Tokala, Sindhura and Thai, My T},
  booktitle={Proceedings of the 17th annual international conference on Mobile computing and networking},
  pages={85--96},
  year={2011}
}

@article{color-yuan17,
  title={Effective and efficient dynamic graph coloring},
  author={Yuan, L. and Qin, L. and Lin, X. and Chang, L. and Zhang, W.},
  journal={Proceedings of the VLDB Endowment},
  volume={11},
  number={3},
  pages={338--351},
  year={2017},
  publisher={VLDB Endowment},
}

@inproceedings{color-bhattacharya18,
  title={Dynamic algorithms for graph coloring},
  author={Bhattacharya, S. and Chakrabarty, D. and Henzinger, M. and Nanongkai, D.},
  booktitle={Proc. of 29th ACM-SIAM SODA},
  pages={1--20},
  year={2018},
}

@article{path-zhang17,
  title={An adaptive amoeba algorithm for shortest path tree computation in dynamic graphs},
  author={Zhang, X. and Chan, F.T. and Yang, H. and Deng, Y.},
  journal={Information Sciences},
  volume={405},
  pages={123--140},
  year={2017},
  publisher={Elsevier},
}

@article{path-khanda21,
  title={A parallel algorithm template for updating single-source shortest paths in large-scale dynamic networks},
  author={Khanda, A. and Srinivasan, S. and Bhowmick, S. and Norris, B. and Das, S.},
  journal={IEEE TPDS},
  volume={33},
  number={4},
  pages={929--940},
  year={2021},
  publisher={IEEE},
}

@inproceedings{cent-shao20,
  title={Efficient closeness centrality computation for dynamic graphs},
  author={Shao, Z. and Guo, N. and Gu, Y. and Wang, Z. and Li, F. and Yu, G.},
  booktitle={Database Systems for Advanced Applications: 25th International Conference, DASFAA , Jeju, South Korea, September 24--27, , Proceedings, Part II},
  pages={534--550},
  year={2020},
  organization={Springer},
}

@inproceedings{cent-regunta21,
  title={{Efficient parallel algorithms for dynamic closeness-and betweenness centrality}},
  author={Regunta, S. and Tondomker, S. and Shukla, K. and Kothapalli, K.},
  booktitle={Proc. ACM ICS},
  year={2020},
  pages={e6650:1--12},
 }

@book{incr-ramalingam96,
  title={{Bounded Incremental Computation}},
  author={Ramalingam, G.},
  publisher={Springer-Verlag, LNCS},
  volume={1089},
  year={1996},
}

@misc{snapnets,
  author={Jure Leskovec and Andrej Krevl},
  title={{SNAP Datasets}: {Stanford} Large Network Dataset Collection},
  howpublished={\url{http://snap.stanford.edu/data}},
  month=jun,
  year=2014,
}
